<?xml version="1.0" encoding="utf-8"?>
<record xmlns="http://www.loc.gov/MARC21/slim" xmlns:xsi="http://www.w3.org/2001/XMLSchema-instance" xsi:schemaLocation="http://www.loc.gov/MARC21/slim http://www.loc.gov/standards/marcxml/schema/MARC21slim.xsd">
	<leader>     nam a22        4500</leader>
	<controlfield tag="001">2664249</controlfield>
	<controlfield tag="003">NNC</controlfield>
	<controlfield tag="006">m        d        </controlfield>
	<controlfield tag="007">cr cn |||m|||a</controlfield>
	<controlfield tag="008">170815m19661970iq      o     000 0 ararc</controlfield>
	<datafield ind1=" " ind2=" " tag="040">
		<subfield code="a">NNU</subfield>
		<subfield code="b">eng</subfield>
		<subfield code="e">rda</subfield>
		<subfield code="c">NNU</subfield>
	</datafield>
	<datafield ind1=" " ind2=" " tag="066">
		<subfield code="c">(3</subfield>
		<subfield code="c">(4</subfield>
	</datafield>
	<datafield ind1=" " ind2="4" tag="050">
		<subfield code="a">KBL0.S443</subfield>
		<subfield code="b">R38</subfield>
	</datafield>
	<datafield ind1="1" ind2=" " tag="100">
		<subfield code="a">al-Shahīd al-Thānī, Zayn al-Dīn ibn ʻAlī,</subfield>
		<subfield code="d">1506-1559.</subfield>
	</datafield>
	<datafield ind1="1" ind2="3" tag="245">
		<subfield code="6">880-01</subfield>
		<subfield code="a">al-Rawḍah al-bahīyah fī sharḥ al-Lumʻah al-Dimashqīyah</subfield>
		<subfield code="c">lil-Shahīd al-Saʻid Zayn al-Din al-Jabʻī al-ʻĀmilī al-Shid al-Thānī.</subfield>
	</datafield>
	<datafield ind1=" " ind2=" " tag="250">
		<subfield code="6">880-02</subfield>
		<subfield code="a">[al-Tabāh 1].</subfield>
	</datafield>
	<datafield ind1=" " ind2=" " tag="260">
		<subfield code="a">[al-Najaf],</subfield>
		<subfield code="c">[1966-70]</subfield>
	</datafield>
	<datafield ind1=" " ind2=" " tag="336">
		<subfield code="a">text</subfield>
		<subfield code="2">rdacontent</subfield>
	</datafield>
	<datafield ind1=" " ind2=" " tag="337">
		<subfield code="a">computer</subfield>
		<subfield code="2">rdamedia</subfield>
	</datafield>
	<datafield ind1=" " ind2=" " tag="338">
		<subfield code="a">online resource</subfield>
		<subfield code="2">rdacarrier</subfield>
	</datafield>
	<datafield ind1="1" ind2=" " tag="490">
		<subfield code="a">Manshūrāt Jamiʻat al-Najaf al-Dīniīyah ;</subfield>
		<subfield code="v">9</subfield>
	</datafield>
	<datafield ind1=" " ind2=" " tag="500">
		<subfield code="a">Part of the Arabic Collections Online (ACO) project, contributed by Columbia University Libraries.</subfield>
	</datafield>
	<datafield ind1=" " ind2=" " tag="533">
		<subfield code="a">Electronic reproduction.</subfield>
		<subfield code="b">New York, N.Y. :</subfield>
		<subfield code="c">New York University,</subfield>
		<subfield code="d">2017.</subfield>
		<subfield code="5">NNU</subfield>
	</datafield>
	<datafield ind1=" " ind2="0" tag="650">
		<subfield code="a">Islamic law.</subfield>
	</datafield>
	<datafield ind1=" " ind2="0" tag="650">
		<subfield code="a">Shiites.</subfield>
	</datafield>
	<datafield ind1="1" ind2="0" tag="600">
		<subfield code="a">al-Shahīd al-Awwal, Muḥammad ibn Makki,</subfield>
		<subfield code="d">1333 or 1334-1380.</subfield>
		<subfield code="t">Lumʻah al-Dimashqīyah.</subfield>
	</datafield>
	<datafield ind1="2" ind2=" " tag="710">
		<subfield code="a">Columbia University.</subfield>
		<subfield code="b">Libraries.</subfield>
	</datafield>
	<datafield ind1="0" ind2=" " tag="730">
		<subfield code="a">Arabic Collections Online.</subfield>
	</datafield>
	<datafield ind1="0" ind2="8" tag="776">
		<subfield code="i">Print version:</subfield>
		<subfield code="a">al-Shahīd al-Thānī, Zayn al-Dīn ibn ʻAlī, 1506-1559.</subfield>
		<subfield code="t">al-Rawḍah al-bahīyah fī sharḥ al-Lumʻah al-Dimashqīyah</subfield>
		<subfield code="w">(NNC)2664249</subfield>
		<subfield code="w">(DLC)ne 67000689 </subfield>
		<subfield code="w">(OCoLC)8961734</subfield>
	</datafield>
	<datafield ind1="1" ind2=" " tag="810">
		<subfield code="a">Nejef.</subfield>
		<subfield code="b">Jamiʻat al-Najaf al-Dīnīyah.</subfield>
		<subfield code="t">Manshūrāt ;</subfield>
		<subfield code="v">9.</subfield>
	</datafield>
	<datafield ind1="4" ind2="0" tag="856">
		<subfield code="u">http://hdl.handle.net/2333.1/j3tx9bs4</subfield>
	</datafield>
	<datafield ind1="1" ind2=" " tag="880">
		<subfield code="6">100-00/(3/r</subfield>
		<subfield code="a">شهيد الثاني، زين الدين بن علي.</subfield>
	</datafield>
	<datafield ind1="1" ind2="2" tag="880">
		<subfield code="6">245-01/(3/r</subfield>
		<subfield code="a">الروضة البهية في شرح اللمعة الدمشقية /</subfield>
		<subfield code="c">للشهيد السعيد زين الدين الجبعي العاملي الشهيد الثاني ؛ [تم الكتاب تصحيحا ًوتعليقا ًباشراف من السيد محمد كلانتر].</subfield>
	</datafield>
	<datafield ind1=" " ind2=" " tag="880">
		<subfield code="6">250-02/(3/r</subfield>
		<subfield code="a">الطبعة ١.</subfield>
	</datafield>
	<datafield ind1=" " ind2=" " tag="880">
		<subfield code="6">260-00/(3/r</subfield>
		<subfield code="a">[النجف] :</subfield>
		<subfield code="b">جامعة النجف الدينية،</subfield>
		<subfield code="c">١٣٨٦-[١٣٩٠] [١٩٦٦ أو ١٩٦٧-١٩٧٠]</subfield>
	</datafield>
	<datafield ind1="1" ind2=" " tag="880">
		<subfield code="6">490-00/(3/r</subfield>
		<subfield code="a">منشورات جامعة النجف الدينية ؛</subfield>
		<subfield code="v">٩-١٨</subfield>
	</datafield>
	<datafield ind1="1" ind2="4" tag="880">
		<subfield code="6">600-00/(3/r</subfield>
		<subfield code="a">شهيد الأول، محمد بن مکي.</subfield>
		<subfield code="t">لمعة الدمشقية.</subfield>
	</datafield>
	<datafield ind1="1" ind2=" " tag="880">
		<subfield code="6">700-00/(3/r</subfield>
		<subfield code="a">كلانتر، محمد.</subfield>
	</datafield>
	<datafield ind1="1" ind2=" " tag="880">
		<subfield code="6">700-00/(3/r</subfield>
		<subfield code="a">شهيد الأول، محمد بن مكي.</subfield>
		<subfield code="t">لمعة الدمشقية.</subfield>
	</datafield>
	<datafield ind1="0" ind2=" " tag="880">
		<subfield code="6">740-00/(3/r</subfield>
		<subfield code="a">لمعة الدمشقية.</subfield>
	</datafield>
	<datafield ind1=" " ind2="0" tag="880">
		<subfield code="6">830-00/(3/r</subfield>
		<subfield code="a">منشورات جامعة النجف الدينية ؛ ;</subfield>
		<subfield code="v">٩-١٨.</subfield>
	</datafield>
	<datafield ind1=" " ind2=" " tag="959">
		<subfield code="a">NNU</subfield>
		<subfield code="b">WEB</subfield>
		<subfield code="c">GENI</subfield>
		<subfield code="t">0</subfield>
		<subfield code="m">Electronic access</subfield>
		<subfield code="s">01</subfield>
	</datafield>
	<datafield ind1=" " ind2=" " tag="999">
		<subfield code="i">NNC_2664249</subfield>
		<subfield code="o">(OCoLC)ocm08961734</subfield>
		<subfield code="s">columbia_aco002357:v.1</subfield>
		<subfield code="s">columbia_aco002356:v.2</subfield>
		<subfield code="s">columbia_aco002355:v.3</subfield>
		<subfield code="s">columbia_aco002354:v.4</subfield>
		<subfield code="s">columbia_aco002353:v.5</subfield>
		<subfield code="s">columbia_aco002352:v.6</subfield>
		<subfield code="s">columbia_aco002351:v.7</subfield>
		<subfield code="s">columbia_aco002350:v.8</subfield>
		<subfield code="s">columbia_aco002349:v.9</subfield>
		<subfield code="s">columbia_aco002348:v.10</subfield>
		<subfield code="e">(ERROR-880)</subfield>
	</datafield>
</record>
